@book{Chen2014,
  title={Linear System Theory and Design},
  author={Chen, Chi-Tsong},
  isbn={9780199964543},
  year={2014},
  publisher={Oxford University Press, Incorporated}
}

@book{regtek,
    title={Reguleringsteknikk},
    author={J.G. Balchen, T. Andresen, B.A. Foss},
    isbn={978-82-7842-202-1},
    year={2016},
    publisher={Institutt for teknisk kybernetikk, NTNU}
}

@online{github,
    author    = "ntnu-itk",
    title     = "Labreport Tips and Tricks",
    url       = "https://github.com/ntnu-itk/labreport"
}